%% This BibTeX bibliography file was created using BibDesk.
%% http://bibdesk.sourceforge.net/


%% Created for Michael Frank at 2016-01-30 17:12:38 -0800 


%% Saved with string encoding Unicode (UTF-8) 



@book{sperber1995,
	Address = {Oxford, UK},
	Author = {Sperber, Dan and Wilson, Deirdre },
	Date-Added = {2016-01-31 01:11:36 +0000},
	Date-Modified = {2016-01-31 01:12:38 +0000},
	Edition = {2nd},
	Publisher = {Blackwell},
	Title = {Relevance: Communication and cognition},
	Year = {1995}}

@book{lewis1969,
	Author = {Lewis, David},
	Date-Added = {2016-01-23 23:24:46 +0000},
	Date-Modified = {2016-01-23 23:32:51 +0000},
	Publisher = {John Wiley \& Sons},
	Title = {Convention: A philosophical study},
	Year = {1969}}

@article{vantiel2014b,
	Author = {Van Tiel, Bob and Van Miltenburg, Emiel and Zevakhina, Natalia and Geurts, Bart},
	Date-Added = {2016-01-23 23:00:02 +0000},
	Date-Modified = {2016-01-23 23:00:11 +0000},
	Journal = {Journal of Semantics},
	Pages = {ffu017},
	Publisher = {Oxford Univ Press},
	Title = {Scalar diversity},
	Year = {2014}}

@article{goodman2013,
	Author = {Goodman, Noah D and Stuhlmuller, Andreas},
	Date-Added = {2016-01-23 22:43:11 +0000},
	Date-Modified = {2016-01-23 22:43:14 +0000},
	Journal = {Topics in cognitive science},
	Number = {1},
	Pages = {173--184},
	Publisher = {Wiley Online Library},
	Title = {Knowledge and implicature: Modeling language understanding as social cognition},
	Volume = {5},
	Year = {2013}}

@article{frank2012,
	Author = {Frank, M.C. and Goodman, N.D.},
	Date-Added = {2016-01-23 22:42:57 +0000},
	Date-Modified = {2016-01-23 22:42:57 +0000},
	Journal = {Science},
	Number = {6084},
	Pages = {998},
	Title = {Predicting pragmatic reasoning in language games},
	Volume = {336},
	Year = {2012}}

@article{vantiel2014,
	Author = {van Tiel, BJM},
	Date-Added = {2016-01-23 22:37:36 +0000},
	Date-Modified = {2016-01-23 22:37:40 +0000},
	Publisher = {[Sl: sn]},
	Title = {Quantity matters: Implicatures, typicality, and truth},
	Year = {2014}}

@inproceedings{franke2014,
	Author = {Franke, Michael},
	Booktitle = {Proceedings of the 36th Annual Conference of the Cognitive Science Society},
	Date-Added = {2016-01-23 22:34:49 +0000},
	Date-Modified = {2016-01-23 22:34:51 +0000},
	Pages = {487--492},
	Title = {Typical use of quantifiers: A probabilistic speaker model},
	Year = {2014}}

@article{degen2015,
	Author = {Degen, Judith and Tanenhaus, Michael K},
	Date-Added = {2016-01-23 22:31:44 +0000},
	Date-Modified = {2016-01-23 22:31:47 +0000},
	Journal = {Cognitive science},
	Number = {4},
	Pages = {667--710},
	Publisher = {Wiley Online Library},
	Title = {Processing Scalar Implicature: A Constraint-Based Approach},
	Volume = {39},
	Year = {2015}}

@phdthesis{horn1972,
	Author = {Horn, L R},
	Date-Added = {2016-01-23 22:24:14 +0000},
	Date-Modified = {2016-01-23 23:04:42 +0000},
	School = {University of California, Los Angeles},
	Title = {On the Semantic Properties of Logical Operators.},
	Year = {1972}}

@article{horn1984,
	Author = {Horn, L R},
	Date-Added = {2016-01-23 22:22:16 +0000},
	Date-Modified = {2016-01-23 23:04:47 +0000},
	Journal = {Meaning, form, and use in context},
	Publisher = {Washington: Georgetown University Press},
	Title = {Toward a new taxonomy for pragmatic inference: Q-based and {R}-based implicature},
	Volume = {42},
	Year = {1984}}

@incollection{grice1975,
	Address = {New York},
	Author = {Grice, H. P.},
	Booktitle = {Syntax and Semantics},
	Date-Added = {2016-01-23 22:22:00 +0000},
	Date-Modified = {2016-01-23 22:22:00 +0000},
	Editor = {Cole, Peter and Jerry Morgan},
	Publisher = {Academic Press},
	Title = {Logic and conversation},
	Volume = {3},
	Year = {1975}}

@book{levinson2000,
	Author = {Levinson, Stephen C},
	Date-Added = {2016-01-23 22:20:46 +0000},
	Date-Modified = {2016-01-23 22:22:03 +0000},
	Publisher = {MIT Press},
	Title = {Presumptive meanings: The theory of generalized conversational implicature},
	Year = {2000}}
